@book{Beck_2003, 
	address={Boston}, 
	series={The Addison-Wesley signature series}, 
	title={Test-driven development: by example}, 
	isbn={9780321146533}, 
	callNumber={QA76.76.T48 B43 2003}, 
	publisher={Addison-Wesley}, 
	author={Beck, Kent}, 
	year={2003}, 
	collection={The Addison-Wesley signature series} 
}

@book{Beck_Andres_2005, 
	address={Boston, MA}, 
	edition={2nd ed}, 
	title={Extreme programming explained: embrace change}, 
	isbn={9780321278654}, 
	callNumber={QA76.76.D47 B434 2005}, 
	publisher={Addison-Wesley}, 
	author={Beck, Kent and Andres, Cynthia}, 
	year={2005} 
}

@article{cockburn2000costs,
	title={The costs and benefits of pair programming},
	author={Cockburn, Alistair and Williams, Laurie},
	journal={Extreme programming examined},
	volume={8},
	pages={223--247},
	year={2000}
}

@article{kniberg2012scaling,
	title={Scaling agile@ spotify},
	author={Kniberg, Henrik and Ivarsson, Anders},
	journal={online], UCVOF, ucvox. files. wordpress. com/2012/11/113617905-scaling-Agile-spotify-11. pdf},
	year={2012}
}

@book{Boral_2016, 
	address={Berkeley, CA}, 
	title={Ace the PMI-ACP® exam}, 
	isbn={9781484225257}, 
	url={http://link.springer.com/10.1007/978-1-4842-2526-4}, 
	doi={10.1007/978-1-4842-2526-4}, 
	publisher={Apress}, 
	author={Boral, Sumanta}, 
	year={2016}, 
	language={en} 
}

@article{Gill_Henderson-Sellers_2006, 
	title={Comparative evaluation of XP and scrum using the 4d analytical tool (4-DAT)}, 
	journal={Proceedings of the European and Mediterranean Conference on Information Systems, EMCIS 2006}, 
	author={Gill, Asif and Henderson-Sellers, Brian}, 
	year={2006}, 
	month={jan} 
}

@book{McKenna_2016, 
	address={Berkeley, CA}, 
	title={The Art of Scrum}, 
	isbn={9781484222768}, 
	url={http://link.springer.com/10.1007/978-1-4842-2277-5}, 
	doi={10.1007/978-1-4842-2277-5}, 
	publisher={Apress}, 
	author={McKenna, Dave}, 
	year={2016}, 
	language={en} 
}

@article{Takeuchi_Nonaka_1986, 
	title={The New New Product Development Game}, 
	issn={0017-8012}, 
	url={https://hbr.org/1986/01/the-new-new-product-development-game}, 
	journal={Harvard Business Review},
	author={Takeuchi, Hirotaka and Nonaka, Ikujiro}, 
	year={1986}, 
	month={jan} 
}

@misc{Manifesto_for_Agile_Software_Development, 
	title = {Manifesto for Agile Software Development},
	author = {Beck, Kent and Beedle, Mike and van Bennekum, Arie and Cockburn, Alistair and Cunningham, Ward and Fowler, Martin and Grenning, James and Highsmith, Jim and Hunt, Andrew and Jeffries, Ron and Kern, Jon and Marick, Brian and Mellor, Steve and Schwaber, Ken and Sutherland, Jeff and Thomas, Dave},
	year = {2001},
	url = {https://agilemanifesto.org/}, 
	abstract = {We are uncovering better ways of developing software by doing it and helping others do it. These are our values and principles.} 
}

@article{rodriguez2015que,
	title={¿Por qu{\'e} implementar Scrum?},
	author={Rodr{\'i}guez, C{\'e}sar and Vicente, Rub{\'e}n Dorado},
	journal={Revista Ontare},
	volume={3},
	number={1},
	pages={125--144},
	year={2015},
	publisher={Universidad EAN}
}

@article{barrios2012scrum,
	title={SCRUM: application experience in a software development PyME in the NEA},
	author={Barrios, Walter G and Guglielmone, Mar{\'i}a Viviana Godoy and Fern{\'a}ndez, Mirta G and Mari{\~n}o, Sonia Itat{\'i} and Ferreira, Fernando Martin and Zarrabeitia, C{\'e}sar Tom{\'a}s},
	journal={Journal of Computer Science and Technology},
	volume={12},
	number={03},
	pages={110--115},
	year={2012}
}

@article{glass2001extreme,
	title={Extreme programming: The good, the bad, and the bottom line},
	author={Glass, Robert L},
	journal={IEEE software},
	volume={18},
	number={6},
	pages={112},
	year={2001},
	publisher={IEEE Computer Society}
}

@inproceedings{fernandes2010classification,
	title={Classification and comparison of agile methods},
	author={Fernandes, Joao M and Almeida, Mauro},
	booktitle={2010 Seventh International Conference on the Quality of Information and Communications Technology},
	pages={391--396},
	year={2010},
	organization={IEEE}
}

@inproceedings{sol1983feature,
  title={A Feature Analysis of Information Systems Design Methodologies: Methodological Considerations.},
  author={Sol, Henk G},
  booktitle={CRIS},
  pages={1--8},
  year={1983}
}

@article{quinonez2017analisis,
  title={An{\'a}lisis Comparativo de metodolog{\'i}as Agiles de desarrollo de software: una revisi{\'o}n bibliogr{\'a}fica},
  author={Qui{\~n}{\'o}nez-Ku, Xavier},
  journal={Education},
  volume={2018},
  year={2017}
}

@book{sutherland2014scrum,
	title={Scrum: the art of doing twice the work in half the time},
	author={Sutherland, Jeff and Sutherland, JJ},
	year={2014},
	publisher={Currency}
}

@book{anderson2010kanban,
	title={Kanban: successful evolutionary change for your technology business},
	author={Anderson, David J},
	year={2010},
	publisher={Blue Hole Press}
}

@book{cockburn2004crystal,
	title={Crystal clear: A human-powered methodology for small teams: A human-powered methodology for small teams}, 
	author={Cockburn, Alistair},
	year={2004},
	publisher={Pearson Education}
}

@book{palmer2001practical,
	title={A practical guide to feature-driven development},
	author={Palmer, Steve R and Felsing, Mac},
	year={2001},
	publisher={Pearson Education}
}



@misc{stapleton1997dynamic,
	title={Dynamic Systems Development Method. The method in practice (DSDM), DSDM Consortium 1997},
	author={Stapleton, J},
	year={1997},
	publisher={Addison Wesley Longman Limited, UK}
}

@book{poppendieck2003lean,
	title={Lean software development: an agile toolkit},
	author={Poppendieck, Mary and Poppendieck, Tom},
	year={2003},
	publisher={Addison-Wesley}
}

@article{fuior2019key,
	title={Key elements for the success of the most popular Agile methods.},
	author={Fuior, Flaviu},
	journal={Romanian Journal of Information Technology \& Automatic Control/Revista Rom{\^a}n{\u{a}} de Informatic{\u{a}} și Automatic{\u{a}}},
	volume={29},
	number={4},
	year={2019}
}